<record><leader>00000cas a22000007a 4500</leader><controlfield tag="001">12156255</controlfield><controlfield tag="008">850614d18411842pauwr ne      0    0eng d</controlfield><controlfield tag="009">5601</controlfield><datafield ind1=" " ind2=" " tag="010"><subfield code="a">sn 85054645 </subfield></datafield><datafield ind1=" " ind2=" " tag="040"><subfield code="a">NPH</subfield><subfield code="b">eng</subfield><subfield code="c">NPH</subfield><subfield code="d">NPY</subfield><subfield code="d">NPH</subfield><subfield code="d">DLC</subfield></datafield><datafield ind1="1" ind2=" " tag="029"><subfield code="a">AU@</subfield><subfield code="b">000025799734</subfield></datafield><datafield ind1=" " ind2=" " tag="042"><subfield code="a">msc</subfield></datafield><datafield ind1="0" ind2="0" tag="050"><subfield code="a">Newspaper 9591</subfield></datafield><datafield ind1="0" ind2="4" tag="245"><subfield code="a">The Iron City and Pittsburgh weekly chronicle.</subfield></datafield><datafield ind1="1" ind2="0" tag="246"><subfield code="a">Iron City</subfield></datafield><datafield ind1=" " ind2=" " tag="260"><subfield code="a">Pittsburgh, Pa. :</subfield><subfield code="b">R.G. Berford,</subfield><subfield code="c">1841-1842.</subfield></datafield><datafield ind1=" " ind2=" " tag="300"><subfield code="a">1 v. :</subfield><subfield code="b">ill. ;</subfield><subfield code="c">59 cm.</subfield></datafield><datafield ind1=" " ind2=" " tag="310"><subfield code="a">Weekly</subfield></datafield><datafield ind1="0" ind2=" " tag="362"><subfield code="a">Vol. 1, no. 1 (Nov. 27, 1841)-v. 1, no. 40 (Aug. 27, 1842).</subfield></datafield><datafield ind1=" " ind2=" " tag="500"><subfield code="a">Published every Saturday.</subfield></datafield><datafield ind1=" " ind2=" " tag="580"><subfield code="a">Daily ed.: Morning chronicle (Pittsburgh, Pa. : 1841).</subfield></datafield><datafield ind1=" " ind2=" " tag="752"><subfield code="a">United States</subfield><subfield code="b">Pennsylvania</subfield><subfield code="c">Allegheny</subfield><subfield code="d">Pittsburgh.</subfield></datafield><datafield ind1="1" ind2=" " tag="775"><subfield code="t">Morning chronicle (Pittsburgh, Pa. : 1841)</subfield><subfield code="w">(DLC)sn 85054636</subfield></datafield><datafield ind1="0" ind2="0" tag="785"><subfield code="t">Iron City, and Pittsburgh Saturday morning chronicle</subfield><subfield code="w">(OCoLC)2262770</subfield></datafield></record>